<?xml version="1.0" encoding="UTF-8"?><collection xmlns="http://www.loc.gov/MARC21/slim"><record><leader>00550nam--2200181-i-4500</leader><controlfield tag="001">000002207</controlfield><controlfield tag="002">20161230</controlfield><controlfield tag="005">20161230201024</controlfield><controlfield tag="008">060222s1000------------r-----000-0-eng-d</controlfield><datafield ind1=" " ind2=" " tag="020"><subfield code="a">9971978458</subfield></datafield><datafield ind1=" " ind2=" " tag="040"><subfield code="a">IFIN-HH</subfield></datafield><datafield ind1=" " ind2=" " tag="080"><subfield code="a">539.171.112(061.3)</subfield></datafield><datafield ind1="1" ind2=" " tag="100"><subfield code="a">Greco, M</subfield></datafield><datafield ind1="1" ind2="0" tag="245"><subfield code="a">5th topical workshop on proton-antiproton collider physics</subfield><subfield code="b">Saint-vincent, aosta valley 25 february-1march 1985</subfield><subfield code="c">M. greco (ed.)</subfield></datafield><datafield ind1=" " ind2=" " tag="260"><subfield code="a">Singapore</subfield><subfield code="b">World Scientific</subfield><subfield code="c">1985</subfield></datafield><datafield ind1=" " ind2=" " tag="300"><subfield code="a">XIV + 852 P</subfield></datafield><datafield ind1=" " ind2=" " tag="852"><subfield code="a">73877</subfield><subfield code="c">539.17</subfield></datafield><datafield ind1=" " ind2=" " tag="CAT"><subfield code="a">Sys</subfield><subfield code="c">20120625</subfield><subfield code="h">143049</subfield></datafield></record></collection>